@misc{Muerza2014,
  author  = {Alex Fernández Muerza},
  title   = {Los países con más energías renovables del mundo},
  journal = {Fundación EROSKI},
  year    = {2014},
  url     = {http://www.consumer.es/web/es/medio_ambiente/energia_y_ciencia/2014/07/17/220280.php},
}

